%% This BibTeX bibliography file was created using BibDesk.
%% https://bibdesk.sourceforge.io/

%% Created for Alex Grasley at 2018-07-30 21:47:20 -0700 


%% Saved with string encoding Unicode (UTF-8) 



@article{nipkow2014concrete,
	Author = {Nipkow, Tobias and Klein, Gerwin},
	Date-Added = {2018-07-30 21:47:17 -0700},
	Date-Modified = {2018-07-30 21:47:17 -0700},
	Publisher = {Springer},
	Title = {Concrete Semantics}}

@article{nipkow1998winskel,
	Author = {Nipkow, Tobias},
	Date-Added = {2018-07-30 21:46:40 -0700},
	Date-Modified = {2018-07-30 21:46:40 -0700},
	Journal = {Formal aspects of computing},
	Number = {2},
	Pages = {171--186},
	Publisher = {Springer},
	Title = {Winskel is (almost) right: Towards a mechanized semantics textbook},
	Volume = {10},
	Year = {1998}}

@book{winskel1993formal,
	Author = {Winskel, Glynn},
	Date-Added = {2018-07-30 21:45:54 -0700},
	Date-Modified = {2018-07-30 21:45:54 -0700},
	Title = {The formal semantics of programming languages: an introduction},
	Year = {1993}}

@inproceedings{lists,
	Acmid = {3141852},
	Address = {New York, NY, USA},
	Author = {Smeltzer, Karl and Erwig, Martin},
	Booktitle = {Proceedings of the 8th ACM SIGPLAN International Workshop on Feature-Oriented Software Development},
	Date-Added = {2018-07-23 20:47:40 +0000},
	Date-Modified = {2018-07-23 20:47:49 +0000},
	Doi = {10.1145/3141848.3141852},
	Isbn = {978-1-4503-5518-6},
	Keywords = {data structures, language design, variation representation},
	Location = {Vancouver, BC, Canada},
	Numpages = {10},
	Pages = {31--40},
	Publisher = {ACM},
	Series = {FOSD 2017},
	Title = {Variational Lists: Comparisons and Design Guidelines},
	Url = {http://doi.acm.org/10.1145/3141848.3141852},
	Year = {2017},
	Bdsk-Url-1 = {http://doi.acm.org/10.1145/3141848.3141852},
	Bdsk-Url-2 = {https://doi.org/10.1145/3141848.3141852}}

@inproceedings{stacks,
	Author = {Meng, Meng and Meinicke, Jens and Wong, Chu-Pan and Walkingshaw, Eric and K{\"a}stner, Christian},
	Booktitle = {Proceedings of the Eleventh International Workshop on Variability Modelling of Software-intensive Systems},
	Date-Added = {2018-07-23 20:45:52 +0000},
	Date-Modified = {2018-07-23 20:46:00 +0000},
	Organization = {ACM},
	Pages = {28--35},
	Title = {A choice of variational stacks: exploring variational data structures},
	Year = {2017}}

@inproceedings{varwhile,
	Author = {K{\"a}stner, Christian and Von Rhein, Alexander and Erdweg, Sebastian and Pusch, Jonas and Apel, Sven and Rendel, Tillmann and Ostermann, Klaus},
	Booktitle = {Proceedings of the 4th International Workshop on Feature-Oriented Software Development},
	Date-Added = {2018-07-23 20:43:12 +0000},
	Date-Modified = {2018-07-23 20:43:22 +0000},
	Organization = {ACM},
	Pages = {1--8},
	Title = {Toward variability-aware testing},
	Year = {2012}}

@inproceedings{varex,
	Author = {Nguyen, Hung Viet and K{\"a}stner, Christian and Nguyen, Tien N},
	Booktitle = {Proceedings of the 36th International Conference on Software Engineering},
	Date-Added = {2018-07-23 20:41:13 +0000},
	Date-Modified = {2018-07-23 20:41:21 +0000},
	Organization = {ACM},
	Pages = {907--918},
	Title = {Exploring variability-aware execution for testing plugin-based web applications},
	Year = {2014}}

@article{varexj,
	Author = {Meinicke, Jens},
	Date-Added = {2018-07-23 20:38:52 +0000},
	Date-Modified = {2018-07-23 20:38:58 +0000},
	Title = {VarexJ: A Variability-Aware Interpreter for Java Applications},
	Year = {2014}}

@inproceedings{hubbard2016formula,
	Author = {Hubbard, Spencer and Walkingshaw, Eric},
	Booktitle = {Proceedings of the 7th International Workshop on Feature-Oriented Software Development},
	Date-Added = {2018-04-26 21:45:34 +0000},
	Date-Modified = {2018-04-26 21:45:34 +0000},
	Organization = {ACM},
	Pages = {49--57},
	Title = {Formula choice calculus},
	Year = {2016}}

@inproceedings{walkingshaw2014projectional,
	Author = {Walkingshaw, Eric and Ostermann, Klaus},
	Booktitle = {ACM SIGPLAN Notices},
	Date-Added = {2018-04-26 21:36:35 +0000},
	Date-Modified = {2018-04-26 21:36:35 +0000},
	Number = {3},
	Organization = {ACM},
	Pages = {29--38},
	Title = {Projectional editing of variational software},
	Volume = {50},
	Year = {2014}}

@inproceedings{walkingshaw2014variational,
	Author = {Walkingshaw, Eric and K{\"a}stner, Christian and Erwig, Martin and Apel, Sven and Bodden, Eric},
	Booktitle = {Proceedings of the 2014 ACM International Symposium on New Ideas, New Paradigms, and Reflections on Programming \& Software},
	Date-Added = {2018-04-17 21:55:08 +0000},
	Date-Modified = {2018-04-17 21:55:08 +0000},
	Organization = {ACM},
	Pages = {213--226},
	Title = {Variational data structures: Exploring tradeoffs in computing with variability},
	Year = {2014}}

@article{erwig2011choice,
	Author = {Erwig, Martin and Walkingshaw, Eric},
	Date-Added = {2018-04-17 20:30:31 +0000},
	Date-Modified = {2018-04-17 20:30:31 +0000},
	Journal = {ACM Transactions on Software Engineering and Methodology (TOSEM)},
	Number = {1},
	Pages = {6},
	Publisher = {ACM},
	Title = {The choice calculus: A representation for software variation},
	Volume = {21},
	Year = {2011}}

@phdthesis{ericthesis,
	Author = {Eric Walkingshaw},
	Date-Added = {2018-04-17 20:26:42 +0000},
	Date-Modified = {2018-04-17 20:27:51 +0000},
	School = {Oregon State University},
	Title = {The Choice Calculus: A Formal Language of Variation},
	Year = {2013}}
